<?xml version="1.0" encoding="UTF-8"?><record xmlns="http://www.loc.gov/MARC21/slim" xmlns:cinclude="http://apache.org/cocoon/include/1.0" xmlns:zs="http://www.loc.gov/zing/srw/">
  <leader>00802nz  a2200193n  4500</leader>
  <controlfield tag="001">n  99012561 </controlfield>
  <controlfield tag="003">DLC</controlfield>
  <controlfield tag="005">19990212141202.8</controlfield>
  <controlfield tag="008">990212n| acaaaaaa|          |a ana |||  </controlfield>
  <datafield tag="010" ind1=" " ind2=" ">
    <subfield code="a">n  99012561 </subfield>
  </datafield>
  <datafield tag="040" ind1=" " ind2=" ">
    <subfield code="a">DLC</subfield>
    <subfield code="b">eng</subfield>
    <subfield code="c">DLC</subfield>
  </datafield>
  <datafield tag="130" ind1=" " ind2="0">
    <subfield code="a">Veröffentlichungen des Ludwig Boltzmann-Institutes für Gesetzgebungspraxis und Rechtsanwendung</subfield>
  </datafield>
  <datafield tag="410" ind1="2" ind2=" ">
    <subfield code="a">LBI für Gesetzgebungspraxis und Rechtsanwendung.</subfield>
    <subfield code="t">Veröffentlichungen des Ludwig Boltzmann-Institutes für Gesetzgebungspraxis und Rechtsanwendung</subfield>
  </datafield>
  <datafield tag="642" ind1=" " ind2=" ">
    <subfield code="a">Bd. 5</subfield>
    <subfield code="5">DLC</subfield>
  </datafield>
  <datafield tag="643" ind1=" " ind2=" ">
    <subfield code="a">Wien</subfield>
    <subfield code="b">Manz</subfield>
  </datafield>
  <datafield tag="644" ind1=" " ind2=" ">
    <subfield code="a">f</subfield>
    <subfield code="5">DLC</subfield>
  </datafield>
  <datafield tag="645" ind1=" " ind2=" ">
    <subfield code="a">t</subfield>
    <subfield code="5">DLC</subfield>
  </datafield>
  <datafield tag="646" ind1=" " ind2=" ">
    <subfield code="a">s</subfield>
    <subfield code="5">DLC</subfield>
  </datafield>
  <datafield tag="670" ind1=" " ind2=" ">
    <subfield code="a">Staatshaftung wegen mangelnder Gefahrenabwehr, 1997:</subfield>
    <subfield code="b">ser. t.p. (Veröffentlichungen des Ludwig Boltzmann-Institutes für Gesetzgebungspraxis und Rechtsanwendung ; Bd. 5)</subfield>
  </datafield>
</record>